# Author(s). Year. Title. In Book/Collection. Pages. Location

@misc{clip,
  title  = {Learning Transferable Visual Models From Natural Language Supervision},
  author = {Alec Radford and Jong Wook Kim and Chris Hallacy and Aditya Ramesh and Gabriel Goh and Sandhini Agarwal and Girish Sastry and Amanda Askell and Pamela Mishkin and Jack Clark and Gretchen Krueger and Ilya Sutskever},
  year   = {2021},
  url    = {https://arxiv.org/abs/2103.00020}
}

@misc{patashnik2021styleclip,
  title  = {StyleCLIP: Text-Driven Manipulation of StyleGAN Imagery},
  author = {Or Patashnik and Zongze Wu and Eli Shechtman and Daniel Cohen-Or and Dani Lischinski},
  year   = {2021},
  url    = {https://arxiv.org/abs/2103.17249}
}

@misc{ramesh2022hierarchicaltextconditionalimagegeneration,
  title  = {Hierarchical Text-Conditional Image Generation with CLIP Latents},
  author = {Aditya Ramesh and Prafulla Dhariwal and Alex Nichol and Casey Chu and Mark Chen},
  year   = {2022},
  url    = {https://arxiv.org/abs/2204.06125}
}

@online{clientsideimagesearch,
  author = {josephrocca},
  title  = {clip-image-sorter},
  year   = 2022,
  url    = {https://github.com/josephrocca/clip-image-sorter}
}

@article{Zhou2021LearningTP,
  title={Learning to Prompt for Vision-Language Models},
  author={Kaiyang Zhou and Jingkang Yang and Chen Change Loy and Ziwei Liu},
  journal={International Journal of Computer Vision},
  year={2021},
  volume={130},
  pages={2337 - 2348},
  url={https://api.semanticscholar.org/CorpusID:237386023}
}
